
@BOOK{mobileDevices,
  title={Smart phone and next generation mobile computing},
  author={Zheng, Pei and Ni, Lionel},
  year={2010},
  publisher={Morgan Kaufmann}
}

@BOOK{ross,
  title={Security engineering},
  author={Anderson, Ross},
  year={2008},
  publisher={John Wiley \& Sons}
}

@BOOK{tanenbaum,
  title = {Distributed systems: principles and paradigms},
  publisher = {Pearson Prentice Hall},
  year = {2007},
  author = {Tanenbaum, Andrew S. and Steen, Maarten Van},
  edtion = {2}
}

@BOOK{coulouris,
  title = {Distributed systems: concepts and design},
  publisher = {Addison-Wesley},
  year = {2005},
  author = {Coulouris, George and Dollimore, Jean and Kindberg, Tim},
  version = {4}
}


@ARTICLE{merkle1978secure,
  title={Secure communications over insecure channels},
  author={Merkle, Ralph C},
  journal={Communications of the ACM},
  volume={21},
  number={4},
  pages={294--299},
  year={1978},
  publisher={ACM}
}


@ARTICLE{shamirRSA,
  author = {Adi Shamir},
  title = {How to share a secret},
  journal={Communications of the ACM},
  volume={22},
  number={11},
  pages={612--613},
  year={1979},
  publisher={ACM}
}

@ARTICLE{rpc,
  title={Implementing remote procedure calls},
  author={Birrell, Andrew D and Nelson, Bruce Jay},
  journal={ACM Transactions on Computer Systems (TOCS)},
  volume={2},
  number={1},
  pages={39--59},
  year={1984},
  publisher={ACM}
}

@MASTERSTHESIS{lucio,
    author={Lúcio Rodrigo de Carvalho},
    school={Instituto de Biociências Letras e Ciências Exatas, Universidade Estadual Paulista},
    title={Disponibilidade em um sistema de arquivos distribuído flexível e adaptável},
    type={Mestrado},
    year={2014}
}

@MASTERSTHESIS{silas,
  author={Fernandes, Silas E. N.},
  title={Sistema de Arquivos Distribu\'{i}do Flex\'{i}vel e Adapt\'{a}vel},
  year={2012},
  school={Universidade Estadual Paulista},
  type={Mestrado}
}


@MONOGRAPHY{mario,
    author = {Mario Camara Neto},
    school={Instituto de Biociências Letras e Ciências Exatas, Universidade Estadual Paulista},
    title = {FlexA: Desenvolvimento de um Sistema de Arquivos Flexível e Adaptável},
    type = {Relatório Técnico},
    year={2013}
}
 
@MONOGRAPHY{leandro,
    author={Leandro Moreira Barbosa},
    school={Instituto de Biociências Letras e Ciências Exatas, Universidade Estadual Paulista},
    title={Implementação e avaliação de desempenho de algoritmo de criptografia em GPU para o FlexA},
    type={Graduação},
    year={2013}
}

@MONOGRAPHY{danilo,
    author={Danilo Costa Marim Segura},
    school={Instituto de Biociências Letras e Ciências Exatas, Universidade Estadual Paulista},
    title={Detecção de Falhas de Comunicação e Balanceamento de Carga no FlexA},
    type={Graduação},
    year={2013}
}

@MONOGRAPHY{thiago,
    author={Thiago Kenji Okada},
    school={Instituto de Biociências Letras e Ciências Exatas, Universidade Estadual Paulista},
    title={Metodologia para Recuperação de Falhas e Garantia de Disponibilidade no FlexA},
    type={Graduação},
    year={2013}
}

@MONOGRAPHY{leandro,
    author={Leandro Moreira Barbosa},
    school={Instituto de Biociências Letras e Ciências Exatas, Universidade Estadual Paulista},
    title={Implementação e avaliação de desempenho de algoritmo de criptografia em GPU para o FlexA},
    type={Graduação},
    year={2013}
}


@MONOGRAPHY{matheus,
    author={Matheus Della Croce},
    school={Instituto de Biociências Letras e Ciências Exatas, Universidade Estadual Paulista},
    title={Sincornização, consistência e falhas no FlexA},
    type={Graduação},
    year={2013}
}


@MISC{xmlrpc,
  title = {{XML-RPC} Getting Started},
  author={Cisco},
  year={2010},
  howpublished = {\url{http://www.cisco.com/c/en/us/td/docs/security/physical_security/cnbm_mgr/1-x/API/XML_RPC_MGR/Gettingstarted.html}},
  note = {Acessado em 20/10/2014 as 15:30}
}

@MISC{xmlrpcMessage,
  title = {A Comparison of Two Alternative Implementations of Message-Passing in the Systems Biology Workbench},
  author={Michael Hucka AND Andrew Finney AND  Herbert Sauro AND Hamid Bolouri},
  year={2001},
  howpublished = {\url{http://sbw.sourceforge.net/sbw/docs/messaging-comparison/html/messaging-comparison.html}},
  note = {Acessado em 20/12/2014 as 02:15}
}


@MISC{android,
    title = {Android Open Source Project},
    author = {{Open Handset Alliance}},
    year = {2014},
    howpublished = {\url{http://web.archive.org/web/20141009024350/http://developer.android.com/legal.html}},
    note = {Acessado em  22/12/2014 as 10:00}
}

@MISC{
    mobileDevicesMarketShare,
    title = {Smartphone OS Market Share, Q3 2014},
    author = {{International Data Comporation}},
    year = {2014},
    howpublished = {\url{http://www.idc.com/prodserv/smartphone-os-market-share.jsp}},
    note = {Acessado em 23/12/2014 as 23:40}
}

@MISC{
    sqlalchemy,
    title = {SQLAlchemy 0.9 Documentation},
    author = {SQLAlchemy},
    year = {2014},
    howpublished = {\url{http://docs.sqlalchemy.org/en/rel_0_9/dialects/sqlite.html}},
    note = {Acessado em 20/11/2014 as 15:40}
}


@MISC{umlClasses,
    title={UML basics: The class diagram},
    author={IBM},
    year={2004},
    howpublished = {\url{http://www.ibm.com/developerworks/rational/library/content/RationalEdge/sep04/bell}},
    note = {Acessado em 05/11/2014 as 10:30}
}

@MISC{umlCasosDeUso,
    title={Writing Efective Use Case},
    author={{Visual Paradigm}},
    year={2011},
    howpublished = {\url{http://www.visual-paradigm.com/tutorials/writingeffectiveusecase.jsp}},
    note = {Acessado em 01/11/2024 as 16:30}
}

@MISC{androidAssyncTask,
    title={Processes and Threads - Android Developers},
    author={{Android Open Source Project} and Google},
    year={2014},
    howpublished = {\url{http://developer.android.com/reference/android/os/AsyncTask.html}},
    note = {Acessado em 20/12/2014 as 14:15}
}

@MISC{hubble,
    year={2014},
    title={Hubble Telescope},
    author={{European Space Agency}},
    year={2014},
    howpublished = {\url{http://spacetelescope.org/images/viewall/}},
    note = {Acessado em 28/12/2014 as 08:30}
}

